@article{adams2012mapping,
  title   = {Mapping the landscape of human-level artificial general intelligence},
  author  = {Adams, S and Arel, I and Bach, J and Coop, R and Furlan, R and Goertzel, B and Hall, J S and Samsonovich, A and Scheutz, M and Schlesinger, M and others},
  journal = {AI Magazine},
  volume  = {33},
  number  = {1},
  pages   = {25--42},
  year    = {2012}
}
@inproceedings{asaduzzaman2014cscc,
  title        = {Cscc: Simple, efficient, context sensitive code completion},
  author       = {Asaduzzaman, M. and Roy, C. K. and Schneider, K. A. and Hou, D.},
  booktitle    = {2014 IEEE International Conference on Software Maintenance and Evolution},
  pages        = {71--80},
  year         = {2014},
  organization = {IEEE}
}
@misc{bays2022AWS,
  title     = {AWS announces Amazon CodeWhisperer (Preview)},
  url       = {https://aws.amazon.com/about-aws/whats-new/2022/06/aws-announces-amazon-codewhisperer-preview/},
  journal   = {Amazon},
  publisher = {AWS Publishing},
  author    = {Bays, Jeremy},
  year      = {2022},
  month     = {Jun}
}
@misc{bommasani2021opportunities,
  title         = {On the opportunities and risks of foundation models},
  author        = {Rishi Bommasani and Drew A Hudson and Ehsan Adeli and Russ Altman and Simran Arora and Sydney von Arx and Michael S Bernstein and Jeannette Bohg and Antoine Bosselut and Emma Brunskill and others},
  year          = {2021},
  eprint        = {2108.07258},
  archiveprefix = {arXiv},
  primaryclass  = {cs.AI}
}
@inproceedings{Bunder2019,
  title        = {Decoupling Language and Editor - The Impact of the Language Server Protocol on Textual Domain-Specific Languages},
  author       = {Hendrik Bunder},
  booktitle    = {Proceedings of the 7th International Conference on Model-Driven Engineering and Software Development - MODELSWARD},
  year         = {2019},
  pages        = {131--142},
  publisher    = {SciTePress},
  organization = {INSTICC}
}
@misc{chen2021evaluating,
  title         = {Evaluating Large Language Models Trained on Code},
  author        = {Mark Chen and Jerry Tworek and Heewoo Jun and Qiming Yuan and Henrique Ponde de Oliveira Pinto and Jared Kaplan and Harri Edwards and Yuri Burda and Nicholas Joseph and Greg Brockman and Alex Ray and Raul Puri and Gretchen Krueger and Michael Petrov and Heidy Khlaaf and Girish Sastry and Pamela Mishkin and Brooke Chan and Scott Gray and Nick Ryder and Mikhail Pavlov and Alethea Power and Lukasz Kaiser and Mohammad Bavarian and Clemens Winter and Philippe Tillet and Felipe Petroski Such and Dave Cummings and Matthias Plappert and Fotios Chantzis and Elizabeth Barnes and Ariel Herbert-Voss and William Hebgen Guss and Alex Nichol and Alex Paino and Nikolas Tezak and Jie Tang and Igor Babuschkin and Suchir Balaji and Shantanu Jain and William Saunders and Christopher Hesse and Andrew N. Carr and Jan Leike and Josh Achiam and Vedant Misra and Evan Morikawa and Alec Radford and Matthew Knight and Miles Brundage and Mira Murati and Katie Mayer and Peter Welinder and Bob McGrew and Dario Amodei and Sam McCandlish and Ilya Sutskever and Wojciech Zaremba},
  year          = {2021},
  eprint        = {2107.03374},
  archiveprefix = {arXiv},
  primaryclass  = {cs.LG}
}
@misc{codecomp,
  author = {Luo, Chu},
  year   = {2017},
  month  = {03},
  pages  = {},
  title  = {A Report on Automatic Code Completion},
  doi    = {10.13140/RG.2.2.24353.40807}
}
@misc{dohmke2022sea,
  title     = {Sea Change in Software Development: Economic and Productivity Analysis of the AI-Powered Developer Lifecycle},
  author    = {Dohmke, Thomas and Iansiti, Marco and Richards, Greg},
  year      = {2022},
  publisher = {GitHub, Harvard Business School and Keystone.AI}
}
@article{forbes2024codeium,
  title   = {Exponential Baby! Navigating The AI Convergence Of Tech With Nvidia},
  author  = {Sandy Carter},
  year    = {2024},
  month   = {May},
  day     = {11},
  journal = {Forbes Digital Assets},
  url     = {https://www.forbes.com/sites/digital-assets/2024/05/11/exponential-baby-navigating-the-ai--convergence-of-tech-with-nvidia/},
  note    = {Retrieved May 30, 2024}
}
@article{github2021copilot,
  title   = {Introducing GitHub Copilot: your AI pair programmer},
  author  = {GitHub},
  year    = {2021},
  month   = {June},
  day     = {29},
  journal = {GitHub Blog},
  url     = {https://github.blog/2021-06-29-introducing-github-copilot-ai-get-code-done-faster/},
  note    = {Retrieved May 30, 2024}
}
@article{github2023chat,
  title   = {GitHub Copilot Chat now generally available for organizations and individuals},
  author  = {Shuyin Zhao},
  year    = {2023},
  month   = {December},
  day     = {29},
  journal = {GitHub Blog},
  url     = {https://github.blog/2023-12-29-github-copilot-chat-now-generally-available-for-organizations-and-individuals/},
  note    = {Retrieved May 30, 2024}
}

@article{github2023copilotupdate,
  title   = {
             Smarter, more efficient coding: GitHub Copilot goes beyond Codex with improved AI model
             },
  author  = {Shuyin ZhaoShuyin Zhao},
  year    = {2023},
  month   = {July},
  day     = {28},
  journal = {GitHub Blog},
  url     = {https://github.blog/2023-07-28-smarter-more-efficient-coding-github-copilot-goes-beyond-codex-with-improved-ai-model/},
  note    = {Retrieved May 27, 2024}
}
@article{github2023copilotx,
  title   = {GitHub Copilot X: The AI-powered developer experience},
  author  = {Thomas Dohmke},
  year    = {2023},
  month   = {March},
  day     = {22},
  journal = {GitHub Blog},
  url     = {https://github.blog/2023-03-22-github-copilot-x-the-ai-powered-developer-experience/},
  note    = {Retrieved May 30, 2024}
}
@article{github2023gpt4,
  title   = {GitHub Copilot – November 30th Update},
  author  = {Staff},
  year    = {2023},
  month   = {November},
  day     = {30},
  journal = {GitHub Blog},
  url     = {https://github.blog/changelog/2023-11-30-github-copilot-november-30th-update/},
  note    = {Retrieved May 30, 2024}
}
@misc{githubcopilot,
  title   = {GitHub Copilot},
  url     = {https://github.com/features/copilot},
  urldate = {2024-05-27}
}
@misc{githubstudentpack,
  title   = {GitHub Student Developer Pack},
  url     = {https://education.github.com/pack},
  urldate = {2024-05-30}
}
@article{goertzel2014agi,
  title     = {Artificial General Intelligence: Concept, State of the Art, and Future Prospects},
  author    = {Goertzel, Ben},
  journal   = {Journal of Artificial General Intelligence},
  volume    = {5},
  number    = {1},
  pages     = {1--46},
  year      = {2014},
  doi       = {10.2478/jagi-2014-0001},
  note      = {Submitted 2013-2-12, Accepted 2014-3-15},
  publisher = {OpenCog Foundation},
  address   = {G/F, 51C Lung Mei Village, Tai Po, N.T., Hong Kong},
  editor    = {Achler, Tsvi}
}

@article{guardian2024openai,
  title   = {Microsoft-backed OpenAI valued at \$80bn after company completes deal},
  author  = {Staff, K},
  journal = {The Guardian},
  year    = {2024},
  month   = {Feb},
  issn    = {0261-3077},
  note    = {Retrieved May 30, 2024}
}
@book{jurafsky2009speech,
  title     = {Speech and Language Processing: An Introduction to Natural Language Processing, Computational Linguistics, and Speech Recognition},
  author    = {Jurafsky, Daniel and Martin, James H.},
  year      = {2009},
  publisher = {Pearson}
}
@online{kemper2023openai,
  title  = {OpenAI kills its Codex code model, recommends GPT3.5 instead},
  author = {Kemper, Jonathan},
  year   = {2023},
  month  = {March},
  day    = {22},
  url    = {https://thedecoder.com/openai-kills-its-codex-code-model-recommends-gpt3-5-instead/},
  note   = {Retrieved May 27, 2024}
}
@article{koester1996effect,
  title   = {Effect of a word prediction feature on user performance},
  author  = {Koester, H. H. and Levine, S.},
  journal = {Augmentative and alternative communication},
  volume  = {12},
  number  = {3},
  pages   = {155--168},
  year    = {1996}
}
@article{liu2023chatgpt,
  title   = {ChatGPT Will Command More Than 30,000 Nvidia GPUs: Report},
  author  = {Liu, Zhiye},
  journal = {Tom's Hardware},
  year    = {2023},
  month   = {Mar},
  note    = {Archived from the original on May 30, 2024. Retrieved November 2, 2023}
}
@article{microsoft2021tabnine,
  title   = {Tabnine: Coding in VS Code with the Help of an AI Assistant},
  author  = {Unknown},
  journal = {learn.microsoft.com},
  year    = {2021},
  month   = {March},
  day     = {25},
  note    = {Retrieved April 19, 2024}
}
@article{nyt2024openai,
  title   = {OpenAI Completes Deal That Values the Company at \$80 Billion},
  author  = {Metz, Cade and Mickle, Tripp},
  journal = {The New York Times},
  year    = {2024},
  month   = {Feb},
  issn    = {0362-4331},
  note    = {Retrieved May 30, 2024}
}
@inproceedings{Omar2012,
  title        = {Active code completion},
  author       = {Omar, C. and Yoon, Y.S. and LaToza, T.D. and Myers, B.A.},
  booktitle    = {2012 34th International Conference on Software Engineering (ICSE)},
  pages        = {859--869},
  year         = {2012},
  organization = {IEEE},
  doi          = {10.1109/ICSE.2012.6227133}
}
@misc{openai2022chatgpt,
  title  = {ChatGPT: Optimizing Language Models for Dialogue},
  author = {OpenAI},
  year   = {2022},
  url    = {https://web.archive.org/web/20221130180912/https://openai.com/blog/chatgpt/}
} 
@article{Rask2022,
  title       = {The Specification Language Server Protocol: A Proposal for Standardised LSP Extensions},
  author      = {Rask, Jonas Kjær and Madsen, Frederik Palludan and Battle, Nick and Macedo, Hugo Daniel and Larsen, Peter Gorm},
  year        = {2022},
  institution = {DIGIT, Aarhus University, Department of Electrical and Computer Engineering},
  address     = {Finlandsgade 22, 8200 Aarhus N, Denmark},
  email       = {jkr@ece.au.dk, fpm@ece.au.dk, nick.battle@acm.org, hdm@ece.au.dk, pgl@ece.au.dk}
}
@inproceedings{raychev2014code,
  title        = {Code completion with statistical language models},
  author       = {Raychev, V. and Vechev, M. and Yahav, E.},
  booktitle    = {Proceedings of the 35th ACM SIGPLAN Conference on Programming Language Design and Implementation},
  pages        = {419--428},
  year         = {2014},
  organization = {ACM}
}
@article{svyatkovskoy2020fast,
  title   = {Fast and Memory-Efficient Neural Code Completion},
  author  = {Svyatkovskoy, A. and Lee, S. and Hadjitofi, A. and Riechert, M. and Franco, J. and Allamanis, M.},
  journal = {arXiv preprint arXiv:2004.13651},
  year    = {2020}
}
@article{trendforce2023ai,
  title   = {TrendForce Says with Cloud Companies Initiating AI Arms Race, GPU Demand from ChatGPT Could Reach 30,000 Chips as It Readies for Commercialization},
  journal = {TrendForce},
  year    = {2023},
  month   = {Nov},
  note    = {Archived from the original on May 30, 2024. Retrieved November 2, 2023}
}
@article{verge2023chatgpt,
  title   = {Microsoft spent hundreds of millions of dollars on a ChatGPT supercomputer},
  author  = {Roth, Emma},
  journal = {The Verge},
  year    = {2023},
  month   = {Mar},
  note    = {Archived from the original on May 30, 2023. Retrieved March 30, 2023}
}
@article{verge2023github,
  title   = {GitHub Copilot gets a new ChatGPT-like assistant to help developers write and fix code},
  author  = {Tom Warren,},
  journal = {The Verge},
  year    = {2023},
  month   = {March},
  day     = {22},
  note    = {Retrieved May 27, 2024}
}
@article{vincent2019ai,
  title   = {This AI-powered autocompletion software is Gmail's Smart Compose for coders},
  author  = {Vincent, James},
  journal = {The Verge},
  year    = {2019},
  month   = {July},
  day     = {24},
  note    = {Retrieved May 19, 2024}
}
@misc{zhao2023survey,
  title         = {A survey of large language models},
  author        = {Wayne Xin Zhao and Kun Zhou and Junyi Li and Tianyi Tang and Xiaolei Wang and Yupeng Hou and Yingqian Min and Beichen Zhang and Junjie Zhang and Zican Dong and others},
  year          = {2023},
  eprint        = {2303.18223},
  archiveprefix = {arXiv},
  primaryclass  = {cs.CL}
}
@article{zhou2023comprehensive,
  title   = {A comprehensive survey on pretrained foundation models: A history from BERT to ChatGPT},
  author  = {Zhou, Qian and Li, Chen and Yu, Jun and Liu, Yixin and Wang, Guangjing and Zhang, Kai and Ji, Cheng and Yan, Qiben and He, Lifang and others},
  journal = {arXiv preprint arXiv:2302.09419},
  year    = {2023}
}